@article{Gutierrez-Reyes:2018qez,
      author         = "Gutierrez-Reyes, Daniel and Scimemi, Ignazio and
                        Waalewijn, Wouter J. and Zoppi, Lorenzo",
      title          = "{Transverse momentum dependent distributions with jets}",
      journal        = "Phys. Rev. Lett.",
      volume         = "121",
      year           = "2018",
      number         = "16",
      pages          = "162001",
      doi            = "10.1103/PhysRevLett.121.162001",
      eprint         = "1807.07573",
      archivePrefix  = "arXiv",
      primaryClass   = "hep-ph",
      reportNumber   = "Nikhef 2018-034",
      SLACcitation   = "%%CITATION = ARXIV:1807.07573;%%"
}

@article{Gutierrez-Reyes:2019vbx,
      author         = "Gutierrez-Reyes, Daniel and Scimemi, Ignazio and
                        Waalewijn, Wouter J. and Zoppi, Lorenzo",
      title          = "{Transverse momentum dependent distributions in $e^+e^-$
                        and semi-inclusive deep-inelastic scattering using jets}",
      journal        = "JHEP",
      volume         = "10",
      year           = "2019",
      pages          = "031",
      doi            = "10.1007/JHEP10(2019)031",
      eprint         = "1904.04259",
      archivePrefix  = "arXiv",
      primaryClass   = "hep-ph",
      reportNumber   = "Nikhef 2019-009",
      SLACcitation   = "%%CITATION = ARXIV:1904.04259;%%"
}

@article{Gutierrez-Reyes:2019msa,
      author         = "Gutierrez-Reyes, Daniel and Makris, Yiannis and Vaidya,
                        Varun and Scimemi, Ignazio and Zoppi, Lorenzo",
      title          = "{Probing Transverse-Momentum Distributions With Groomed
                        Jets}",
      journal        = "JHEP",
      volume         = "08",
      year           = "2019",
      pages          = "161",
      doi            = "10.1007/JHEP08(2019)161",
      eprint         = "1907.05896",
      archivePrefix  = "arXiv",
      primaryClass   = "hep-ph",
      reportNumber   = "Nikhef: 2019-034",
      SLACcitation   = "%%CITATION = ARXIV:1907.05896;%%"
}

@article{Larkoski:2017bvj,
      author         = "Larkoski, Andrew and Marzani, Simone and Thaler, Jesse
                        and Tripathee, Aashish and Xue, Wei",
      title          = "{Exposing the QCD Splitting Function with CMS Open Data}",
      journal        = "Phys. Rev. Lett.",
      volume         = "119",
      year           = "2017",
      number         = "13",
      pages          = "132003",
      doi            = "10.1103/PhysRevLett.119.132003",
      eprint         = "1704.05066",
      archivePrefix  = "arXiv",
      primaryClass   = "hep-ph",
      reportNumber   = "MIT-CTP-4891",
      SLACcitation   = "%%CITATION = ARXIV:1704.05066;%%"
}

@article{Makris:2017arq,
      author         = "Makris, Yiannis and Neill, Duff and Vaidya, Varun",
      title          = "{Probing Transverse-Momentum Dependent Evolution With
                        Groomed Jets}",
      journal        = "JHEP",
      volume         = "07",
      year           = "2018",
      pages          = "167",
      doi            = "10.1007/JHEP07(2018)167",
      eprint         = "1712.07653",
      archivePrefix  = "arXiv",
      primaryClass   = "hep-ph",
      SLACcitation   = "%%CITATION = ARXIV:1712.07653;%%"
}

@article{Newman:2013ada,
      author         = "Newman, Paul and Wing, Matthew",
      title          = "{The Hadronic Final State at HERA}",
      journal        = "Rev. Mod. Phys.",
      volume         = "86",
      year           = "2014",
      number         = "3",
      pages          = "1037",
      doi            = "10.1103/RevModPhys.86.1037",
      eprint         = "1308.3368",
      archivePrefix  = "arXiv",
      primaryClass   = "hep-ex",
      SLACcitation   = "%%CITATION = ARXIV:1308.3368;%%"
}


@article{Larkoski:2017jix,
    author = "Larkoski, Andrew J. and Moult, Ian and Nachman, Benjamin",
    title = "{Jet Substructure at the Large Hadron Collider: A Review of Recent Advances in Theory and Machine Learning}",
    eprint = "1709.04464",
    archivePrefix = "arXiv",
    primaryClass = "hep-ph",
    doi = "10.1016/j.physrep.2019.11.001",
    journal = "Phys. Rept.",
    volume = "841",
    pages = "1--63",
    year = "2020"
}

@article{Larkoski:2017bvj,
      author         = "Larkoski, Andrew and Marzani, Simone and Thaler, Jesse
                        and Tripathee, Aashish and Xue, Wei",
      title          = "{Exposing the QCD Splitting Function with CMS Open Data}",
      journal        = "Phys. Rev. Lett.",
      volume         = "119",
      year           = "2017",
      number         = "13",
      pages          = "132003",
      doi            = "10.1103/PhysRevLett.119.132003",
      eprint         = "1704.05066",
      archivePrefix  = "arXiv",
      primaryClass   = "hep-ph",
      reportNumber   = "MIT-CTP-4891",
      SLACcitation   = "%%CITATION = ARXIV:1704.05066;%%"
}

@article{Arratia:2020nxw,
    author = "Arratia, Miguel and Kang, Zhong-Bo and Prokudin, Alexei and Ringer, Felix",
    title = "{Jet-based measurements of Sivers and Collins asymmetries at the future electron-ion collider}",
    eprint = "2007.07281",
    archivePrefix = "arXiv",
    primaryClass = "hep-ph",
    reportNumber = "JLAB-PHY-20-3223",
    doi = "10.1103/PhysRevD.102.074015",
    journal = "Phys. Rev. D",
    volume = "102",
    number = "7",
    pages = "074015",
    year = "2020"
}

@article{Bacchetta:2017gcc,
    author = "Bacchetta, Alessandro and Delcarro, Filippo and Pisano, Cristian and Radici, Marco and Signori, Andrea",
    title = "{Extraction of partonic transverse momentum distributions from semi-inclusive deep-inelastic scattering, Drell-Yan and Z-boson production}",
    eprint = "1703.10157",
    archivePrefix = "arXiv",
    primaryClass = "hep-ph",
    reportNumber = "JLAB-THY-17-2437",
    doi = "10.1007/JHEP06(2017)081",
    journal = "JHEP",
    volume = "06",
    pages = "081",
    year = "2017",
    note = "[Erratum: JHEP 06, 051 (2019)]"
}

@article{Liu:2018trl,
      author         = "Liu, Xiaohui and Ringer, Felix and Vogelsang, Werner and
                        Yuan, Feng",
      title          = "{Lepton-jet Correlations in Deep Inelastic Scattering at
                        the Electron-Ion Collider}",
      journal        = "Phys. Rev. Lett.",
      volume         = "122",
      year           = "2019",
      number         = "19",
      pages          = "192003",
      doi            = "10.1103/PhysRevLett.122.192003",
      SLACcitation   = "%%CITATION = ARXIV:1812.08077;%%"
}

@article{Avakian:2019drf,
    author = "Avakian, Harut and Parsamyan, Bakur and Prokudin, Alexey",
    title = "{Spin orbit correlations and the structure of the nucleon}",
    eprint = "1909.13664",
    archivePrefix = "arXiv",
    primaryClass = "hep-ex",
    doi = "10.1393/ncr/i2019-10155-3",
    journal = "Riv. Nuovo Cim.",
    volume = "42",
    number = "1",
    pages = "1--48",
    year = "2019"
}

@article{Andreassen:2019nnm,
    author = "Andreassen, Anders and Nachman, Benjamin",
    title = "{Neural Networks for Full Phase-space Reweighting and Parameter Tuning}",
    eprint = "1907.08209",
    archivePrefix = "arXiv",
    primaryClass = "hep-ph",
    doi = "10.1103/PhysRevD.101.091901",
    journal = "Phys. Rev. D",
    volume = "101",
    number = "9",
    pages = "091901",
    year = "2020"
}

@article{Andreev:2016tgi,
    author = "Andreev, Vladimir and others",
    collaboration = "H1",
    title = "{Measurement of Jet Production Cross Sections in Deep-inelastic ep Scattering at HERA}",
    eprint = "1611.03421",
    archivePrefix = "arXiv",
    primaryClass = "hep-ex",
    reportNumber = "DESY-16-200",
    doi = "10.1140/epjc/s10052-017-4717-9",
    journal = "Eur. Phys. J. C",
    volume = "77",
    number = "4",
    pages = "215",
    year = "2017"
}

@article{Abelev:2007ii,
      author         = "Abelev, B. I. and others",
      title          = "{Measurement of transverse single-spin asymmetries for
                        di-jet production in proton-proton collisions at s**(1/2)
                        = 200-GeV}",
      collaboration  = "STAR Collaboration",
      journal        = "Phys. Rev. Lett.",
      volume         = "99",
      year           = "2007",
      pages          = "142003",
      doi            = "10.1103/PhysRevLett.99.142003",
      SLACcitation   = "%%CITATION = ARXIV:0705.4629;%%"
}

@article{Kang:2017btw,
      author         = "Kang, Zhong-Bo and Prokudin, Alexei and Ringer, Felix and
                        Yuan, Feng",
      title          = "{Collins azimuthal asymmetries of hadron production
                        inside jets}",
      journal        = "Phys. Lett. B",
      volume         = "774",
      year           = "2017",
      pages          = "635-642",
      doi            = "10.1016/j.physletb.2017.10.031",
      reportNumber   = "JLAB-THY-17-2497",
      SLACcitation   = "%%CITATION = ARXIV:1707.00913;%%"
}

@article{Boglione:2016bph,
      author         = "Boglione, M. and Collins, J. and Gamberg, L. and
                        Gonzalez-Hernandez, J. O. and Rogers, T. C. and Sato, N.",
      title          = "{Kinematics of Current Region Fragmentation in
                        Semi-Inclusive Deeply Inelastic Scattering}",
      journal        = "Phys. Lett. B",
      volume         = "766",
      year           = "2017",
      pages          = "245-253",
      doi            = "10.1016/j.physletb.2017.01.021",
      reportNumber   = "JLAB-THY-16-2389",
      SLACcitation   = "%%CITATION = ARXIV:1611.10329;%%"
}


@article{Boglione:2019nwk,
      author         = "Boglione, M. and Dotson, A. and Gamberg, L. and Gordon,
                        S. and Gonzalez-Hernandez, J. O. and Prokudin, A. and
                        Rogers, T. C. and Sato, N.",
      title          = "{Mapping the Kinematical Regimes of Semi-Inclusive Deep
                        Inelastic Scattering}",
      journal        = "J. High Energy Phys.",
      volume         = "10",
      year           = "2019",
      pages          = "122",
      doi            = "10.1007/JHEP10(2019)122",
      reportNumber   = "JLAB-THY-19-2920",
      SLACcitation   = "%%CITATION = ARXIV:1904.12882;%%"
}
@article{Aschenauer:2019kzf,
      author         = "Aschenauer, Elke C. and Borsa, Ignacio and Sassot,
                        Rodolfo and Van Hulse, Charlotte",
      title          = "{Semi-inclusive Deep-Inelastic Scattering, Parton
                        Distributions and Fragmentation Functions at a Future
                        Electron-Ion Collider}",
      journal        = "Phys. Rev. D",
      volume         = "99",
      year           = "2019",
      number         = "9",
      pages          = "094004",
      doi            = "10.1103/PhysRevD.99.094004",
      SLACcitation   = "%%CITATION = ARXIV:1902.10663;%%"
}

@article{Boer:2003cm,
    author = "Boer, Daniel and Mulders, P.J. and Pijlman, F.",
    title = "{Universality of T odd effects in single spin and azimuthal asymmetries}",
    doi = "10.1016/S0550-3213(03)00527-3",
    journal = "Nucl. Phys. B",
    volume = "667",
    pages = "201--241",
    year = "2003"
}

@article{Boer:2003tx,
    author = "Boer, Daniel and Vogelsang, Werner",
    doi = "10.1103/PhysRevD.69.094025",
    journal = "Phys.\ Rev.\ D",
    pages = "094025",
    reportNumber = "BNL-NT-03-42, RBRC-390",
    title = "{Asymmetric jet correlations in pp uparrow scattering}",
    volume = "69",
    year = "2004"
}

@article{Belitsky:2003nz,
    author = "Belitsky, Andrei V. and Ji, Xiang-dong and Yuan, Feng",
    title = "{Quark imaging in the proton via quantum phase space distributions}",
    eprint = "hep-ph/0307383",
    archivePrefix = "arXiv",
    doi = "10.1103/PhysRevD.69.074014",
    journal = "Phys. Rev. D",
    volume = "69",
    pages = "074014",
    year = "2004"
}

@article{Echevarria:2020hpy,
    author = "Echevarria, Miguel G. and Kang, Zhong-Bo and Terry, John",
    title = "{Global analysis of the Sivers functions at NLO+NNLL in QCD}",
    eprint = "2009.10710",
    archivePrefix = "arXiv",
    primaryClass = "hep-ph",
    doi = "10.1007/JHEP01(2021)126",
    journal = "JHEP",
    volume = "01",
    pages = "126",
    year = "2021"
}

@article{Arratia:2020ssx,
    author = "Arratia, Miguel and Makris, Yiannis and Neill, Duff and Ringer, Felix and Sato, Nobuo",
    title = "{Asymmetric jet clustering in deep-inelastic scattering}",
    eprint = "2006.10751",
    archivePrefix = "arXiv",
    primaryClass = "hep-ph",
    reportNumber = "JLAB-THY-20-3209",
    month = "6",
    year = "2020"
}
@article{Khachatryan:2011zj,
    author = "Khachatryan, Vardan and others",
    collaboration = "CMS",
    title = "{Dijet Azimuthal Decorrelations in $pp$ Collisions at $\sqrt{s} = 7$\textasciitilde{}TeV}",
    eprint = "1101.5029",
    archivePrefix = "arXiv",
    primaryClass = "hep-ex",
    reportNumber = "CERN-PH-EP-2010-086, CMS-QCD-10-026",
    doi = "10.1103/PhysRevLett.106.122003",
    journal = "Phys. Rev. Lett.",
    volume = "106",
    pages = "122003",
    year = "2011"
}

@article{daCosta:2011ni,
    author = "Aad, Georges and others",
    collaboration = "ATLAS",
    title = "{Measurement of Dijet Azimuthal Decorrelations in $pp$ Collisions at $\sqrt{s}=7$ TeV}",
    eprint = "1102.2696",
    archivePrefix = "arXiv",
    primaryClass = "hep-ex",
    doi = "10.1103/PhysRevLett.106.172002",
    journal = "Phys. Rev. Lett.",
    volume = "106",
    pages = "172002",
    year = "2011"
}

@article{Abazov:2004hm,
    author = "Abazov, V. M. and others",
    collaboration = "D0",
    title = "{Measurement of dijet azimuthal decorrelations at central rapidities in $p\bar{p}$ collisions at $\sqrt{s} = 1.96$ TeV}",
    eprint = "hep-ex/0409040",
    archivePrefix = "arXiv",
    reportNumber = "FERMILAB-PUB-04-217-E, DAPNIA-04-300",
    doi = "10.1103/PhysRevLett.94.221801",
    journal = "Phys. Rev. Lett.",
    volume = "94",
    pages = "221801",
    year = "2005"
}


@article{Collins:2016hqq,
    author = "Collins, J. and Gamberg, L. and Prokudin, A. and Rogers, T. C. and Sato, N. and Wang, B.",
    title = "{Relating Transverse Momentum Dependent and Collinear Factorization Theorems in a Generalized Formalism}",
    eprint = "1605.00671",
    archivePrefix = "arXiv",
    primaryClass = "hep-ph",
    reportNumber = "JLAB-THY-16-2245",
    doi = "10.1103/PhysRevD.94.034014",
    journal = "Phys. Rev. D",
    volume = "94",
    number = "3",
    pages = "034014",
    year = "2016"
}

@article{Liu:2020dct,
    author = "Liu, Xiaohui and Ringer, Felix and Vogelsang, Werner and Yuan, Feng",
    title = "{Lepton-jet Correlation in Deep Inelastic Scattering}",
    eprint = "2007.12866",
    archivePrefix = "arXiv",
    primaryClass = "hep-ph",
    doi = "10.1103/PhysRevD.102.094022",
    journal = "Phys. Rev. D",
    volume = "102",
    number = "9",
    pages = "094022",
    year = "2020"
}

@article{Aaron:2012kn,
    author = "Aaron, F. D. and others",
    collaboration = "H1",
    title = "{Determination of the Integrated Luminosity at HERA using Elastic QED Compton Events}",
    eprint = "1205.2448",
    archivePrefix = "arXiv",
    primaryClass = "hep-ex",
    reportNumber = "DESY-12-062",
    doi = "10.1140/epjc/s10052-012-2163-2",
    journal = "Eur. Phys. J. C",
    volume = "72",
    pages = "2163",
    year = "2012",
    note = "[Erratum: Eur.Phys.J.C 74, 2733 (2012)]"
}
@article{Borsa:2020yxh,
    author = "Borsa, Ignacio and de Florian, Daniel and Pedron, Iv\'an",
    title = "{Inclusive-jet and dijet production in polarized deep inelastic scattering}",
    eprint = "2010.07354",
    archivePrefix = "arXiv",
    primaryClass = "hep-ph",
    doi = "10.1103/PhysRevD.103.014008",
    journal = "Phys. Rev. D",
    volume = "103",
    number = "1",
    pages = "014008",
    year = "2021"
}

@misc{chollet2015,
author = {François Chollet },
title = {keras},
year = {2015},
publisher = {GitHub},
journal = {GitHub repository},
howpublished = {\url{https://github.com/fchollet/keras}},
commit = {5bcac37}
}

@software{pandas,
    author       = {The pandas development team},
    title        = {pandas-dev/pandas: Pandas},
    month        = feb,
    year         = 2020,
    publisher    = {Zenodo},
    version      = {latest},
    doi          = {10.5281/zenodo.3509134},
    url          = {https://doi.org/10.5281/zenodo.3509134}
}


@Article{         numpy,
 title         = {Array programming with {NumPy}},
 author        = {Charles R. Harris and K. Jarrod Millman and St{'{e}}fan J.
                 van der Walt and Ralf Gommers and Pauli Virtanen and David
                 Cournapeau and Eric Wieser and Julian Taylor and Sebastian
                 Berg and Nathaniel J. Smith and Robert Kern and Matti Picus
                 and Stephan Hoyer and Marten H. van Kerkwijk and Matthew
                 Brett and Allan Haldane and Jaime Fern{'{a}}ndez del
                 R{'{\i}}o and Mark Wiebe and Pearu Peterson and Pierre
                 G{'{e}}rard-Marchant and Kevin Sheppard and Tyler Reddy and
                 Warren Weckesser and Hameer Abbasi and Christoph Gohlke and
                 Travis E. Oliphant},
 year          = {2020},
 month         = sep,
 journal       = {Nature},
 volume        = {585},
 number        = {7825},
 pages         = {357--362},
 doi           = {10.1038/s41586-020-2649-2},
 publisher     = {Springer Science and Business Media {LLC}},
 url           = {https://doi.org/10.1038/s41586-020-2649-2}
}

@article{Li:2020rqj,
    author = "Li, Hai Tao and Vitev, Ivan",
    title = "{Nuclear matter effects on jet production at electron-ion colliders}",
    eprint = "2010.05912",
    archivePrefix = "arXiv",
    primaryClass = "hep-ph",
    month = "10",
    year = "2020"
}

@article{Kang:2020fka,
    author = "Kang, Zhong-Bo and Liu, Xiaohui and Mantry, Sonny and Shao, Ding Yu",
    title = "{Jet Charge: A Flavor Prism for Spin Asymmetries at the EIC}",
    eprint = "2008.00655",
    archivePrefix = "arXiv",
    primaryClass = "hep-ph",
    doi = "10.1103/PhysRevLett.125.242003",
    journal = "Phys. Rev. Lett.",
    volume = "125",
    pages = "242003",
    year = "2020"
}

@article{Boughezal:2018azh,
    author = "Boughezal, Radja and Petriello, Frank and Xing, Hongxi",
    title = "{Inclusive jet production as a probe of polarized parton distribution functions at a future EIC}",
    eprint = "1806.07311",
    archivePrefix = "arXiv",
    primaryClass = "hep-ph",
    doi = "10.1103/PhysRevD.98.054031",
    journal = "Phys. Rev. D",
    volume = "98",
    number = "5",
    pages = "054031",
    year = "2018"
}

@article{Borsa:2020ulb,
    author = "Borsa, Ignacio and de Florian, Daniel and Pedron, Iv\'an",
    title = "{Jet Production in Polarized Deep Inelastic Scattering at Next-to-Next-to-Leading Order}",
    eprint = "2005.10705",
    archivePrefix = "arXiv",
    primaryClass = "hep-ph",
    doi = "10.1103/PhysRevLett.125.082001",
    journal = "Phys. Rev. Lett.",
    volume = "125",
    number = "8",
    pages = "082001",
    year = "2020"
}
@article{Gehrmann:2018odt,
    author = "Gehrmann, T. and Huss, A. and Niehues, J. and Vogt, A. and Walker, D. M.",
    title = "{Jet production in charged-current deep-inelastic scattering to third order in QCD}",
    eprint = "1812.06104",
    archivePrefix = "arXiv",
    primaryClass = "hep-ph",
    reportNumber = "CERN-TH-2018-272, IPPP/18/108, ZU-TH 45/18, LTH 1188, IPPP-18-108, ZU-TH-45-18, LTH-1188",
    doi = "10.1016/j.physletb.2019.03.003",
    journal = "Phys. Lett. B",
    volume = "792",
    pages = "182--186",
    year = "2019"
}

@article{Currie:2018fgr,
    author = "Currie, J. and Gehrmann, T. and Glover, E. W. N. and Huss, A. and Niehues, J. and Vogt, A.",
    title = "{N$^{3}$LO corrections to jet production in deep inelastic scattering using the Projection-to-Born method}",
    eprint = "1803.09973",
    archivePrefix = "arXiv",
    primaryClass = "hep-ph",
    reportNumber = "CERN-TH-2018-056, IPPP/18/21, ZU-TH 12/18, LTH 1155, IPPP-18-21, ZU-TH-12-18, LTH-1155",
    doi = "10.1007/JHEP05(2018)209",
    journal = "JHEP",
    volume = "05",
    pages = "209",
    year = "2018"
}

@article{Chekanov:2005yb,
    author = "Chekanov, S. and others",
    collaboration = "ZEUS",
    title = "{Forward jet production in deep inelastic ep scattering and low-x parton dynamics at HERA}",
    eprint = "hep-ex/0502029",
    archivePrefix = "arXiv",
    reportNumber = "DESY-05-017",
    doi = "10.1016/j.physletb.2005.09.066",
    journal = "Phys. Lett. B",
    volume = "632",
    pages = "13--26",
    year = "2006"
}

@article{Aaron:2011gp,
    author = "Aaron, F. D. and others",
    collaboration = "H1",
    title = "{Measurement of $D^{*\pm}$ Meson Production and Determination of $F_2^{c}$ at low $Q^2$ in Deep-Inelastic Scattering at HERA}",
    eprint = "1106.1028",
    archivePrefix = "arXiv",
    primaryClass = "hep-ex",
    reportNumber = "DESY-11-066",
    doi = "10.1140/epjc/s10052-011-1769-0",
    journal = "Eur. Phys. J. C",
    volume = "71",
    pages = "1769",
    year = "2011",
    note = "[Erratum: Eur.Phys.J.C 72, 2252 (2012)]"
}

@mastersthesis{Kogler:2011zz,
    author = "Kogler, Roman",
    title = "{Measurement of jet production in deep-inelastic e p scattering at HERA}",
    reportNumber = "DESY-THESIS-2011-003, MPP-2010-175",
    doi = "10.3204/DESY-THESIS-2011-003",
    type = "Other thesis",
    month = "2",
    year = "2011"
}

@article{Andreev:2014wwa,
    author = "Andreev, V. and others",
    collaboration = "H1",
    title = "{Measurement of multijet production in $ep$ collisions at high $Q^2$ and determination of the strong coupling $\alpha _s$}",
    eprint = "1406.4709",
    archivePrefix = "arXiv",
    primaryClass = "hep-ex",
    reportNumber = "DESY-14-089",
    doi = "10.1140/epjc/s10052-014-3223-6",
    journal = "Eur. Phys. J. C",
    volume = "75",
    number = "2",
    pages = "65",
    year = "2015"
}


@article{Lin:2020rut,
    author = "Constantinou, Martha and others",
    title = "{Parton distributions and lattice QCD calculations: toward 3D structure}",
    eprint = "2006.08636",
    archivePrefix = "arXiv",
    primaryClass = "hep-ph",
    reportNumber = "Nikhef 2020-018; MIT-CTP/5213; MSUHEP-20-012; IFJPAN-IV-2020-3;
  SMU-HEP-20-03, Nikhef 2020-018; MIT-CTP/5213; MSUHEP-20-012; IFJPAN-IV-2020-3; SMU-HEP-20-03, Nikhef 2020-018, MIT-CTP/5213, MSUHEP-20-012, IFJPAN-IV-2020-3, SMU-HEP-20-03",
    month = "6",
    year = "2020"
}
@article{Andreev:2016tgi,
    author = "Andreev, Vladimir and others",
    collaboration = "H1",
    title = "{Measurement of Jet Production Cross Sections in Deep-inelastic ep Scattering at HERA}",
    eprint = "1611.03421",
    archivePrefix = "arXiv",
    primaryClass = "hep-ex",
    reportNumber = "DESY-16-200",
    doi = "10.1140/epjc/s10052-017-4717-9",
    journal = "Eur. Phys. J. C",
    volume = "77",
    number = "4",
    pages = "215",
    year = "2017"
}


@article{Adamczyk:2017wld,
      author         = "Adamczyk, Leszek and others",
      title          = "{Azimuthal transverse single-spin asymmetries of
                        inclusive jets and charged pions within jets from
                        polarized-proton collisions at $\sqrt{s} = 500$ GeV}",
      collaboration  = "STAR Collaboration",
      journal        = "Phys. Rev. D",
      volume         = "97",
      year           = "2018",
      number         = "3",
      pages          = "032004",
      doi            = "10.1103/PhysRevD.97.032004",
      SLACcitation   = "%%CITATION = ARXIV:1708.07080;%%"
}


@article{DAlesio:2017bvu,
    author = "D'Alesio, Umberto and Murgia, Francesco and Pisano, Cristian",
    title = "{Testing the universality of the Collins function in pion-jet production at RHIC}",
    doi = "10.1016/j.physletb.2017.08.023",
    journal = "Phys. Lett. B",
    volume = "773",
    pages = "300--306",
    year = "2017"
}

@article{Arratia:2019vju,
    author = "Arratia, Miguel and Song, Youqi and Ringer, Felix and Jacak, Barbara",
    title = "{Jets as precision probes in electron-nucleus collisions at the Electron-Ion Collider}",
    doi = "10.1103/PhysRevC.101.065204",
    journal = "Phys. Rev. C",
    volume = "101",
    pages = "065204",
    year = "2020"
}


@article{DAlesio:2019qpk,
    author = "D'Alesio, Umberto and Murgia, Francesco and Pisano, Cristian and Taels, Pieter",
    title = "{Azimuthal asymmetries in semi-inclusive $J/\psi\,+\,\mathrm{jet}$ production at an EIC}",
    doi = "10.1103/PhysRevD.100.094016",
    journal = "Phys. Rev. D",
    volume = "100",
    number = "9",
    pages = "094016",
    year = "2019"
}


@article{Bomhof:2007su,
    author = "Bomhof, C.J. and Mulders, P.J. and Vogelsang, W. and Yuan, F.",
    title = "{Single-Transverse Spin Asymmetry in Dijet Correlations at Hadron Colliders}",
    reportNumber = "BNL-NT-07-9, RBRC-648",
    doi = "10.1103/PhysRevD.75.074019",
    journal = "Phys. Rev. D",
    volume = "75",
    pages = "074019",
    year = "2007"
}


@article{Boer:2003cm,
    author = "Boer, Daniel and Mulders, P.J. and Pijlman, F.",
    title = "{Universality of T odd effects in single spin and azimuthal asymmetries}",
    doi = "10.1016/S0550-3213(03)00527-3",
    journal = "Nucl. Phys. B",
    volume = "667",
    pages = "201--241",
    year = "2003"
}

@article{Kang:2020xyq,
    author = "Kang, Zhong-Bo and Lee, Kyle and Zhao, Fanyi",
    title = "{Polarized jet fragmentation functions}",
    doi = "10.1016/j.physletb.2020.135756",
    journal = "Phys. Lett. B",
    volume = "809",
    pages = "135756",
    year = "2020"
}

@article{Accardi:2012qut,
    author = "Accardi, A. and others",
    editor = "Deshpande, A. and Meziani, Z.E. and Qiu, J.W.",
    title = "{Electron Ion Collider: The Next QCD Frontier}: {Understanding the glue that binds us all}",
    eprint = "1212.1701",
    archivePrefix = "arXiv",
    primaryClass = "nucl-ex",
    reportNumber = "BNL-98815-2012-JA, JLAB-PHY-12-1652",
    doi = "10.1140/epja/i2016-16268-9",
    journal = "Eur. Phys. J. A",
    volume = "52",
    number = "9",
    pages = "268",
    year = "2016"
}

@article{Shanahan:2020zxr,
    author = "Shanahan, Phiala and Wagman, Michael and Zhao, Yong",
    title = "{Collins-Soper kernel for TMD evolution from lattice QCD}",
    eprint = "2003.06063",
    archivePrefix = "arXiv",
    primaryClass = "hep-lat",
    reportNumber = "FERMILAB-PUB-20-102-T, MIT/CTP-5184",
    doi = "10.1103/PhysRevD.102.014511",
    journal = "Phys. Rev. D",
    volume = "102",
    number = "1",
    pages = "014511",
    year = "2020"
}

@article{Cacciari:2011ma,
    author = "Cacciari, Matteo and Salam, Gavin P. and Soyez, Gregory",
    title = "{FastJet User Manual}",
    eprint = "1111.6097",
    archivePrefix = "arXiv",
    primaryClass = "hep-ph",
    reportNumber = "CERN-PH-TH-2011-297",
    doi = "10.1140/epjc/s10052-012-1896-2",
    journal = "Eur. Phys. J. C",
    volume = "72",
    pages = "1896",
    year = "2012"
}

@article{Ebert:2018gzl,
    author = "Ebert, Markus A. and Stewart, Iain W. and Zhao, Yong",
    title = "{Determining the Nonperturbative Collins-Soper Kernel From Lattice QCD}",
    eprint = "1811.00026",
    archivePrefix = "arXiv",
    primaryClass = "hep-ph",
    reportNumber = "MIT-CTP 5049",
    doi = "10.1103/PhysRevD.99.034505",
    journal = "Phys. Rev. D",
    volume = "99",
    number = "3",
    pages = "034505",
    year = "2019"
}

@article{Larkoski:2014pca,
    author = "Larkoski, Andrew J. and Thaler, Jesse and Waalewijn, Wouter J.",
    title = "{Gaining (Mutual) Information about Quark/Gluon Discrimination}",
    eprint = "1408.3122",
    archivePrefix = "arXiv",
    primaryClass = "hep-ph",
    reportNumber = "MIT--CTP-4572, NIKHEF-2014-026",
    doi = "10.1007/JHEP11(2014)129",
    journal = "JHEP",
    volume = "11",
    pages = "129",
    year = "2014"
}


@article{DAgnolo:2019vbw,
    author = "D'Agnolo, Raffaele Tito and Grosso, Gaia and Pierini, Maurizio and Wulzer, Andrea and Zanetti, Marco",
    title = "{Learning Multivariate New Physics}",
    eprint = "1912.12155",
    archivePrefix = "arXiv",
    primaryClass = "hep-ph",
    reportNumber = "CERN-TH-2019-226",
    month = "12",
    year = "2019"
}


@ARTICLE{2005math.....10521N,
       author = {{Nguyen}, XuanLong and {Wainwright}, Martin J. and {Jordan}, Michael I.},
        title = "{On surrogate loss functions and $f$-divergences}",
      journal = {arXiv Mathematics e-prints},
     keywords = {Mathematics - Statistics, Computer Science - Information Theory, 62G10, 68Q32, 62K05 (Primary)},
         year = 2005,
        month = oct,
          eid = {math/0510521},
        pages = {math/0510521},
archivePrefix = {arXiv},
       eprint = {math/0510521},
 primaryClass = {math.ST},
       adsurl = {https://ui.adsabs.harvard.edu/abs/2005math.....10521N},
      adsnote = {Provided by the SAO/NASA Astrophysics Data System}
}



@article{DAgnolo:2018cun,
    author = "D'Agnolo, Raffaele Tito and Wulzer, Andrea",
    title = "{Learning New Physics from a Machine}",
    eprint = "1806.02350",
    archivePrefix = "arXiv",
    primaryClass = "hep-ph",
    doi = "10.1103/PhysRevD.99.015014",
    journal = "Phys. Rev. D",
    volume = "99",
    number = "1",
    pages = "015014",
    year = "2019"
}

@article{Andreassen:2018apy,
    author = "Andreassen, Anders and Feige, Ilya and Frye, Christopher and Schwartz, Matthew D.",
    title = "{JUNIPR: a Framework for Unsupervised Machine Learning in Particle Physics}",
    eprint = "1804.09720",
    archivePrefix = "arXiv",
    primaryClass = "hep-ph",
    doi = "10.1140/epjc/s10052-019-6607-9",
    journal = "Eur. Phys. J. C",
    volume = "79",
    number = "2",
    pages = "102",
    year = "2019"
}


@article{Lai:2018ixk,
    author = "Lai, Yue Shi",
    title = "{Automated Discovery of Jet Substructure Analyses}",
    eprint = "1810.00835",
    archivePrefix = "arXiv",
    primaryClass = "nucl-th",
    month = "10",
    year = "2018"
}
@article{Du:2019civ,
    author = {Du, Yi-Lun and Zhou, Kai and Steinheimer, Jan and Pang, Long-Gang and Motornenko, Anton and Zong, Hong-Shi and Wang, Xin-Nian and St\"ocker, Horst},
    title = "{Identifying the nature of the QCD transition in relativistic collision of heavy nuclei with deep learning}",
    eprint = "1910.11530",
    archivePrefix = "arXiv",
    primaryClass = "hep-ph",
    doi = "10.1140/epjc/s10052-020-8030-7",
    journal = "Eur. Phys. J. C",
    volume = "80",
    number = "6",
    pages = "516",
    year = "2020"
}
@article{Mullin:2019mmh,
    author = "Mullin, Anna and Pacey, Holly and Parker, Michael and White, Martin and Williams, Sarah",
    title = "{Does SUSY have friends? A new approach for LHC event analysis}",
    eprint = "1912.10625",
    archivePrefix = "arXiv",
    primaryClass = "hep-ph",
    reportNumber = "ADP-20-1/T1111",
    month = "12",
    year = "2019"
}
@article{Chang:2020rtc,
    author = "Chang, Spencer and Chen, Ting-Kuo and Chiang, Cheng-Wei",
    title = "{Distinguishing $W'$ Signals at Hadron Colliders Using Neural Networks}",
    eprint = "2007.14586",
    archivePrefix = "arXiv",
    primaryClass = "hep-ph",
    month = "7",
    year = "2020"
}
@article{Flesher:2020kuy,
    author = "Flesher, Forrest and Fraser, Katherine and Hutchison, Charles and Ostdiek, Bryan and Schwartz, Matthew D.",
    title = "{Parameter Inference from Event Ensembles and the Top-Quark Mass}",
    eprint = "2011.04666",
    archivePrefix = "arXiv",
    primaryClass = "hep-ph",
    month = "11",
    year = "2020"
}
@article{2010.03569,
     author="{A. Andreassen, S. Hsu, B. Nachman, N. Suaysom, A. Suresh}",
     title="{Parameter Estimation using Neural Networks in the Presence of Detector Effects}",
     eprint="2010.03569",
     archivePrefix = "arXiv",
     primaryClass = "hep-ph",
     year = "2020",
}
@article{1907.08209,
     author="A. Andreassen and B. Nachman",
     title="{Neural Networks for Full Phase-space Reweighting and Parameter Tuning}",
     eprint="1907.08209",
     archivePrefix = "arXiv",
     primaryClass = "hep-ph",
     journal = "Phys. Rev. D",
     volume = "101",
     pages = "091901(R)",
     doi = "10.1103/PhysRevD.101.091901",
     year = "2020",
}
@dataset{gregor_kasieczka_2019_2629073,
  author       = {Gregor Kasieczka and
                  Ben Nachman and
                  David Shih},
  title        = {{R\&D Dataset for LHC Olympics 2020 Anomaly 
                   Detection Challenge}},
  month        = apr,
  year         = 2019,
  publisher    = {Zenodo},
  version      = {v1},
  doi          = {10.5281/zenodo.2629073},
  note          = {https://doi.org/10.5281/zenodo.2629073}
}
@article{Nguyen_2009,
   title={On surrogate loss functions and f-divergences},
   volume={37},
   ISSN={0090-5364},
   url={http://dx.doi.org/10.1214/08-AOS595},
   DOI={10.1214/08-aos595},
   number={2},
   journal={The Annals of Statistics},
   publisher={Institute of Mathematical Statistics},
   author={Nguyen, XuanLong and Wainwright, Martin J. and Jordan, Michael I.},
   year={2009},
   month={Apr},
   pages={876–904}
}
@article{Thaler:2010tr,
      author         = "Thaler, Jesse and Van Tilburg, Ken",
      title          = "{Identifying Boosted Objects with N-subjettiness}",
      journal        = "JHEP",
      volume         = "03",
      year           = "2011",
      pages          = "015",
      doi            = "10.1007/JHEP03(2011)015",
      eprint         = "1011.2268",
      archivePrefix  = "arXiv",
      primaryClass   = "hep-ph",
      reportNumber   = "MIT-CTP-4191",
      SLACcitation   = "%%CITATION = ARXIV:1011.2268;%%"
}
@article{Thaler:2011gf,
	Archiveprefix = {arXiv},
	Author = {Thaler, Jesse and Van Tilburg, Ken},
	Doi = {10.1007/JHEP02(2012)093},
	Eprint = {1108.2701},
	Journal = {JHEP},
	Pages = {093},
	Primaryclass = {hep-ph},
	Reportnumber = {MIT-CTP-4287},
	Slaccitation = {%%CITATION = ARXIV:1108.2701;%%},
	Title = {{Maximizing Boosted Top Identification by Minimizing N-subjettiness}},
	Volume = {02},
	Year = {2012},
	Bdsk-Url-1 = {http://dx.doi.org/10.1007/JHEP02(2012)093}}
@article{Cacciari:2008gp,
      author         = "Cacciari, Matteo and Salam, Gavin P. and Soyez, Gregory",
      title          = "{The anti-$k_t$ jet clustering algorithm}",
      journal        = "JHEP",
      volume         = "04",
      year           = "2008",
      pages          = "063",
      doi            = "10.1088/1126-6708/2008/04/063",
      eprint         = "0802.1189",
      archivePrefix  = "arXiv",
      primaryClass   = "hep-ph",
      reportNumber   = "LPTHE-07-03",
      SLACcitation   = "%%CITATION = ARXIV:0802.1189;%%"
}

@article{Cacciari:2005hq,
      author         = "Cacciari, Matteo and Salam, Gavin P.",
      title          = "{Dispelling the $N^{3}$ myth for the $k_t$ jet-finder}",
      journal        = "Phys. Lett.",
      volume         = "B641",
      year           = "2006",
      pages          = "57",
      doi            = "10.1016/j.physletb.2006.08.037",
      eprint         = "hep-ph/0512210",
      archivePrefix  = "arXiv",
      primaryClass   = "hep-ph",
      reportNumber   = "LPTHE-05-32",
      SLACcitation   = "%%CITATION = HEP-PH/0512210;%%"
}
@article{Cacciari:2011ma,
	Archiveprefix = {arXiv},
	Author = {Cacciari, Matteo and Salam, Gavin P. and Soyez, Gregory},
	Doi = {10.1140/epjc/s10052-012-1896-2},
	Eprint = {1111.6097},
	Journal = {Eur. Phys. J.},
	Pages = {1896},
	Primaryclass = {hep-ph},
	Reportnumber = {CERN-PH-TH-2011-297},
	Slaccitation = {%%CITATION = ARXIV:1111.6097;%%},
	Title = {{FastJet User Manual}},
	Volume = {C72},
	Year = {2012},
	Bdsk-Url-1 = {http://dx.doi.org/10.1140/epjc/s10052-012-1896-2}}
@article{Selvaggi:2014mya,
      author         = "Selvaggi, Michele",
      title          = "{DELPHES 3: A modular framework for fast-simulation of
                        generic collider experiments}",
      booktitle      = "{Proceedings,  15th International Workshop on Advanced
                        Computing and Analysis Techniques in Physics Research
                        (ACAT 2013): Beijing, China, May 16-21, 2013}",
      journal        = "J. Phys. Conf. Ser.",
      volume         = "523",
      year           = "2014",
      pages          = "012033",
      doi            = "10.1088/1742-6596/523/1/012033",
      SLACcitation   = "%%CITATION = 00462,523,012033;%%"
}
@article{Mertens:2015kba,
      author         = "Mertens, Alexandre",
      title          = "{New features in Delphes 3}",
      booktitle      = "{Proceedings, 16th International workshop on Advanced
                        Computing and Analysis Techniques in physics (ACAT 14):
                        Prague, Czech Republic, September 1-5, 2014}",
      journal        = "J. Phys. Conf. Ser.",
      volume         = "608",
      year           = "2015",
      pages          = "012045",
      doi            = "10.1088/1742-6596/608/1/012045",
      SLACcitation   = "%%CITATION = 00462,608,012045;%%"
}
@article{Lazzarin:2020uvv,
    author = "Lazzarin, Marco and Alioli, Simone and Carrazza, Stefano",
    title = "{MCNNTUNES: tuning Shower Monte Carlo generators with machine learning}",
    eprint = "2010.02213",
    archivePrefix = "arXiv",
    primaryClass = "physics.comp-ph",
    month = "10",
    year = "2020"
}
@article{Sjostrand:2014zea,
      author         = "Sj{\"o}strand, Torbjorn and Ask, Stefan and Christiansen,
                        Jesper R. and Corke, Richard and Desai, Nishita and Ilten,
                        Philip and Mrenna, Stephen and Prestel, Stefan and
                        Rasmussen, Christine O. and Skands, Peter Z.",
      title          = "{An Introduction to PYTHIA 8.2}",
      journal        = "Comput. Phys. Commun.",
      volume         = "191",
      year           = "2015",
      pages          = "159-177",
      doi            = "10.1016/j.cpc.2015.01.024",
      eprint         = "1410.3012",
      archivePrefix  = "arXiv",
      primaryClass   = "hep-ph",
      reportNumber   = "LU-TP-14-36, MCNET-14-22, CERN-PH-TH-2014-190,
                        FERMILAB-PUB-14-316-CD, DESY-14-178, SLAC-PUB-16122",
      SLACcitation   = "%%CITATION = ARXIV:1410.3012;%%"
}
@article{Sjostrand:2006za,
	Archiveprefix = {arXiv},
	Author = {Sj{\"o}strand, Torbjorn and Mrenna, Stephen and Skands, Peter Z.},
	Date-Added = {2018-06-27 05:15:44 +0000},
	Date-Modified = {2018-06-27 05:15:44 +0000},
	Doi = {10.1088/1126-6708/2006/05/026},
	Eprint = {hep-ph/0603175},
	Journal = {JHEP},
	Pages = {026},
	Primaryclass = {hep-ph},
	Reportnumber = {FERMILAB-PUB-06-052-CD-T, LU-TP-06-13},
	Slaccitation = {%%CITATION = HEP-PH/0603175;%%},
	Title = {{PYTHIA 6.4 Physics and Manual}},
	Volume = {05},
	Year = {2006},
	Bdsk-Url-1 = {http://dx.doi.org/10.1088/1126-6708/2006/05/026}}
@article{deFavereau:2013fsa,
	Archiveprefix = {arXiv},
	Author = {de Favereau, J. and Delaere, C. and Demin, P. and Giammanco, A. and Lema{\^\i}tre, V. and Mertens, A. and Selvaggi, M.},
	Collaboration = {DELPHES 3},
	Doi = {10.1007/JHEP02(2014)057},
	Eprint = {1307.6346},
	Journal = {JHEP},
	Pages = {057},
	Primaryclass = {hep-ex},
	Slaccitation = {%%CITATION = ARXIV:1307.6346;%%},
	Title = {{DELPHES 3, A modular framework for fast simulation of a generic collider experiment}},
	Volume = {02},
	Year = {2014},
	Bdsk-Url-1 = {http://dx.doi.org/10.1007/JHEP02(2014)057}}
@article{Sjostrand:2007gs,
	Archiveprefix = {arXiv},
	Author = {Sj{\"o}strand, Torbjorn and Mrenna, Stephen and Skands, Peter Z.},
	Date-Added = {2018-06-27 05:15:44 +0000},
	Date-Modified = {2018-06-27 05:15:44 +0000},
	Doi = {10.1016/j.cpc.2008.01.036},
	Eprint = {0710.3820},
	Journal = {Comput. Phys. Commun.},
	Pages = {852},
	Primaryclass = {hep-ph},
	Reportnumber = {CERN-LCGAPP-2007-04, LU-TP-07-28, FERMILAB-PUB-07-512-CD-T},
	Slaccitation = {%%CITATION = ARXIV:0710.3820;%%},
	Title = {{A Brief Introduction to PYTHIA 8.1}},
	Volume = {178},
	Year = {2008},
	Bdsk-Url-1 = {http://dx.doi.org/10.1016/j.cpc.2008.01.036}}
@inproceedings{10.5555/3294996.3295098, author = {Zaheer, Manzil and Kottur, Satwik and Ravanbhakhsh, Siamak and P\'{o}czos, Barnab\'{a}s and Salakhutdinov, Ruslan and Smola, Alexander J}, title = {Deep Sets}, year = {2017}, isbn = {9781510860964}, publisher = {Curran Associates Inc.}, address = {Red Hook, NY, USA}, abstract = {We study the problem of designing models for machine learning tasks defined on sets. In contrast to traditional approach of operating on fixed dimensional vectors, we consider objective functions defined on sets that are invariant to permutations. Such problems are widespread, ranging from estimation of population statistics [1], to anomaly detection in piezometer data of embankment dams [2], to cosmology [3, 4]. Our main theorem characterizes the permutation invariant functions and provides a family of functions to which any permutation invariant objective function must belong. This family of functions has a special structure which enables us to design a deep network architecture that can operate on sets and which can be deployed on a variety of scenarios including both unsupervised and supervised learning tasks. We also derive the necessary and sufficient conditions for permutation equivariance in deep models. We demonstrate the applicability of our method on population statistic estimation, point cloud classification, set expansion, and outlier detection.}, booktitle = {Proceedings of the 31st International Conference on Neural Information Processing Systems}, pages = {3394–3404}, numpages = {11}, location = {Long Beach, California, USA}, series = {NIPS'17} }

@article{Chatrchyan:2012jua,
    author = "Chatrchyan, Serguei and others",
    collaboration = "CMS",
    title = "{Identification of b-Quark Jets with the CMS Experiment}",
    eprint = "1211.4462",
    archivePrefix = "arXiv",
    primaryClass = "hep-ex",
    reportNumber = "CMS-BTV-12-001, CERN-PH-EP-2012-262",
    doi = "10.1088/1748-0221/8/04/P04013",
    journal = "JINST",
    volume = "8",
    pages = "P04013",
    year = "2013"
}
@article{Aaboud:2018xwy,
    author = "Aaboud, Morad and others",
    collaboration = "ATLAS",
    title = "{Measurements of b-jet tagging efficiency with the ATLAS detector using $ t\overline{t} $ events at $ \sqrt{s}=13 $ TeV}",
    eprint = "1805.01845",
    archivePrefix = "arXiv",
    primaryClass = "hep-ex",
    reportNumber = "CERN-EP-2018-047",
    doi = "10.1007/JHEP08(2018)089",
    journal = "JHEP",
    volume = "08",
    pages = "089",
    year = "2018"
}

@article{adam,
  title={Adam: A method for stochastic optimization},
  author={Kingma, Diederik and Ba, Jimmy},
  eprint = "1412.6980",
  archivePrefix  = "arXiv",
  primaryClass = "cs",
  year={2014}
}
@article{Komiske:2018cqr,
    author = "Komiske, Patrick T. and Metodiev, Eric M. and Thaler, Jesse",
    title = "{Energy Flow Networks: Deep Sets for Particle Jets}",
    eprint = "1810.05165",
    archivePrefix = "arXiv",
    primaryClass = "hep-ph",
    reportNumber = "MIT-CTP 5064",
    doi = "10.1007/JHEP01(2019)121",
    journal = "JHEP",
    volume = "01",
    pages = "121",
    year = "2019"
}
@inproceedings{tensorflow,
  title={TensorFlow: A System for Large-Scale Machine Learning.},
  author={Abadi, Mart{\'\i}n and Barham, Paul and Chen, Jianmin and Chen, Zhifeng and Davis, Andy and Dean, Jeffrey and Devin, Matthieu and Ghemawat, Sanjay and Irving, Geoffrey and Isard, Michael and others},
  booktitle={OSDI},
  volume={16},
  pages={265--283},
  year={2016}
}
@misc{keras,
  author = {Chollet, Fraciois},
  title = {Keras},
  year = {2017},
  publisher = {GitHub},
  journal = {GitHub repository},
  howpublished = {\url{https://github.com/fchollet/keras}},
  commit = {82ca6d418588ccd61d663ec8029937290b62d583}
}
@article{Andreassen:2020nkr,
    author = "Andreassen, Anders and Nachman, Benjamin and Shih, David",
    title = "{Simulation Assisted Likelihood-free Anomaly Detection}",
    eprint = "2001.05001",
    archivePrefix = "arXiv",
    primaryClass = "hep-ph",
    doi = "10.1103/PhysRevD.101.095004",
    journal = "Phys. Rev. D",
    volume = "101",
    number = "9",
    pages = "095004",
    year = "2020"
}
@dataset{kasieczka_gregor_2019_4287846,
  author       = {Kasieczka, Gregor and
                  Nachman, Benjamin and
                  Shih, David},
  title        = {{Official Datasets for LHC Olympics 2020 Anomaly 
                   Detection Challenge}},
  month        = nov,
  year         = 2019,
  publisher    = {Zenodo},
  version      = {v5},
  doi          = {10.5281/zenodo.4287846},
  url          = {https://doi.org/10.5281/zenodo.4287846}
}
@dataset{anders_andreassen_2020_4067673,
  author       = {Anders Andreassen and
                  Shih-Chieh Hsu and
                  Benjamin Nachman and
                  Natchanon Suaysom and
                  Adi Suresh},
  title        = {SRGN: Pythia + Delphes $pp \rightarrow t\bar{t}$},
  month        = oct,
  year         = 2020,
  publisher    = {Zenodo},
  version      = {v0},
  doi          = {10.5281/zenodo.4067673},
  url          = {https://doi.org/10.5281/zenodo.4067673}
}
@article{Bourilkov:2019yoi,
    author = "Bourilkov, Dimitri",
    title = "{Machine and Deep Learning Applications in Particle Physics}",
    eprint = "1912.08245",
    archivePrefix = "arXiv",
    primaryClass = "physics.data-an",
    doi = "10.1142/S0217751X19300199",
    journal = "Int. J. Mod. Phys. A",
    volume = "34",
    number = "35",
    pages = "1930019",
    year = "2020"
}

@inproceedings{kingma2014autoencoding,
  added-at = {2019-12-16T11:21:55.000+0100},
  author = {Kingma, Diederik P. and Welling, Max},
  biburl = {https://www.bibsonomy.org/bibtex/27762d5bd68aba369026cb397aa011bcf/annakrause},
  booktitle = {ICLR},
  crossref = {conf/iclr/2014},
  editor = {Bengio, Yoshua and LeCun, Yann},
  ee = {http://arxiv.org/abs/1312.6114},
  interhash = {a626a9d77a123c52405a08da983203cb},
  intrahash = {7762d5bd68aba369026cb397aa011bcf},
  keywords = {autoencoder bayesianlearning machinelearning},
  timestamp = {2019-12-16T11:22:29.000+0100},
  title = {Auto-Encoding Variational Bayes.},
  url = {http://dblp.uni-trier.de/db/conf/iclr/iclr2014.html#KingmaW13},
  year = 2014
}

@inproceedings{NIPS2014_5ca3e9b1,
 author = {Goodfellow, Ian and Pouget-Abadie, Jean and Mirza, Mehdi and Xu, Bing and Warde-Farley, David and Ozair, Sherjil and Courville, Aaron and Bengio, Yoshua},
 booktitle = {Advances in Neural Information Processing Systems},
 editor = {Z. Ghahramani and M. Welling and C. Cortes and N. Lawrence and K. Q. Weinberger},
 pages = {2672--2680},
 publisher = {Curran Associates, Inc.},
 title = {Generative Adversarial Nets},
 url = {https://proceedings.neurips.cc/paper/2014/file/5ca3e9b122f61f8f06494c97b1afccf3-Paper.pdf},
 volume = {27},
 year = {2014}
}



@misc{carrara2019estimation,
      title={On the Estimation of Mutual Information}, 
      author={Nicholas Carrara and Jesse Ernst},
      year={2019},
      eprint={1910.00365},
      archivePrefix={arXiv},
      primaryClass={physics.data-an}
}

@InProceedings{pmlr-v37-rezende15, title = {Variational Inference with Normalizing Flows}, author = {Danilo Rezende and Shakir Mohamed}, booktitle = {Proceedings of the 32nd International Conference on Machine Learning}, pages = {1530--1538}, year = {2015}, editor = {Francis Bach and David Blei}, volume = {37}, series = {Proceedings of Machine Learning Research}, address = {Lille, France}, month = {07--09 Jul}, publisher = {PMLR}, pdf = {http://proceedings.mlr.press/v37/rezende15.pdf}, url = {http://proceedings.mlr.press/v37/rezende15.html} }

@misc{brehmer2020flows,
      title={Flows for simultaneous manifold learning and density estimation}, 
      author={Johann Brehmer and Kyle Cranmer},
      year={2020},
      eprint={2003.13913},
      archivePrefix={arXiv},
      primaryClass={stat.ML}
}

@article{1910.03773,
      author="{S. Cheong, A. Cukierman, B. Nachman, M. Safdari, A. Schwartzman}",
      title="{Parametrizing the Detector Response with Neural Networks}",
      eprint="1910.03773",
      archivePrefix = "arXiv",
      primaryClass = "physics.data-an",
      journal = "JINST",
      volume = "15",
      pages = "P01030",
      doi = "10.1088/1748-0221/15/01/P01030",
      year = "2020",
}


@article{Nachman:2020lpy,
    author = "Nachman, Benjamin and Shih, David",
    title = "{Anomaly Detection with Density Estimation}",
    eprint = "2001.04990",
    archivePrefix = "arXiv",
    primaryClass = "hep-ph",
    doi = "10.1103/PhysRevD.101.075042",
    journal = "Phys. Rev. D",
    volume = "101",
    pages = "075042",
    year = "2020"
}

@article{Radovic:2018dip,
    author = "Radovic, Alexander and others",
    doi = "10.1038/s41586-018-0361-2",
    journal = "Nature",
    number = "7716",
    pages = "41--48",
    reportNumber = "FERMILAB-PUB-18-436-ND",
    title = "{Machine learning at the energy and intensity frontiers of particle physics}",
    volume = "560",
    year = "2018"
}

@article{neyman1933ix,
	Author = {Neyman, Jerzy and Pearson, Egon S},
	Journal = {Phil. Trans. R. Soc. Lond. A},
	Pages = {289},
	Publisher = {The Royal Society},
	Title = {On the problem of the most efficient tests of statistical hypotheses},
	Volume = {231},
	Year = {1933}}

@article{Guest:2018yhq,
    author = "Guest, Dan and Cranmer, Kyle and Whiteson, Daniel",
    title = "{Deep Learning and its Application to LHC Physics}",
    eprint = "1806.11484",
    archivePrefix = "arXiv",
    primaryClass = "hep-ex",
    doi = "10.1146/annurev-nucl-101917-021019",
    journal = "Ann. Rev. Nucl. Part. Sci.",
    volume = "68",
    pages = "161--181",
    year = "2018"
}

@article{Albertsson:2018maf,
      author         = "Albertsson, Kim and others",
      title          = "{Machine Learning in High Energy Physics Community White Paper}",
      year           = "2018",
      eprint         = "1807.02876",
      archivePrefix  = "arXiv",
      primaryClass   = "physics.comp-ph",
      reportNumber   = "FERMILAB-PUB-18-318-CD-DI-PPD",
      SLACcitation   = "%%CITATION = ARXIV:1807.02876;%%"
}

@article{Larkoski:2017jix,
    author = "Larkoski, Andrew J. and Moult, Ian and Nachman, Benjamin",
    archivePrefix = "arXiv",
    doi = "10.1016/j.physrep.2019.11.001",
    eprint = "1709.04464",
    journal = "Phys. Rept.",
    pages = "1--63",
    primaryClass = "hep-ph",
    title = "{Jet Substructure at the Large Hadron Collider: A Review of Recent Advances in Theory and Machine Learning}",
    volume = "841",
    year = "2020"
}

@article{Badiali:2020wal,
    author = "Badiali, C. and Di Bello, F.A. and Frattari, G. and Gross, E. and Ippolito, V. and Kado, M. and Shlomi, J.",
    title = "{Efficiency Parameterization with Neural Networks}",
    eprint = "2004.02665",
    archivePrefix = "arXiv",
    primaryClass = "hep-ex",
    month = "4",
    year = "2020"
}
@article{Stoye:2018ovl,
      author         = "Stoye, Markus and Brehmer, Johann and Louppe, Gilles and
                        Pavez, Juan and Cranmer, Kyle",
      title          = "{Likelihood-free inference with an improved cross-entropy
                        estimator}",
      year           = "2018",
      eprint         = "1808.00973",
      archivePrefix  = "arXiv",
      primaryClass   = "stat.ML",
      SLACcitation   = "%%CITATION = ARXIV:1808.00973;%%"
}
@article{Hollingsworth:2020kjg,
      author         = "Hollingsworth, Jacob and Whiteson, Daniel",
      title          = "{Resonance Searches with Machine Learned Likelihood
                        Ratios}",
      year           = "2020",
      eprint         = "2002.04699",
      archivePrefix  = "arXiv",
      primaryClass   = "hep-ph",
      SLACcitation   = "%%CITATION = ARXIV:2002.04699;%%"
}
@article{Brehmer:2018kdj,
    author = "Brehmer, Johann and Cranmer, Kyle and Louppe, Gilles and Pavez, Juan",
    title = "{Constraining Effective Field Theories with Machine Learning}",
    eprint = "1805.00013",
    archivePrefix = "arXiv",
    primaryClass = "hep-ph",
    doi = "10.1103/PhysRevLett.121.111801",
    journal = "Phys. Rev. Lett.",
    volume = "121",
    number = "11",
    pages = "111801",
    year = "2018"
}
@article{Brehmer:2018eca,
    author = "Brehmer, Johann and Cranmer, Kyle and Louppe, Gilles and Pavez, Juan",
    title = "{A Guide to Constraining Effective Field Theories with Machine Learning}",
    eprint = "1805.00020",
    archivePrefix = "arXiv",
    primaryClass = "hep-ph",
    doi = "10.1103/PhysRevD.98.052004",
    journal = "Phys. Rev. D",
    volume = "98",
    number = "5",
    pages = "052004",
    year = "2018"
}
@article{Brehmer:2020vwc,
    author = "Brehmer, Johann and Cranmer, Kyle",
    archivePrefix = "arXiv",
    eprint = "2003.13913",
    month = "3",
    primaryClass = "stat.ML",
    title = "{Flows for simultaneous manifold learning and density estimation}",
    year = "2020"
}
@article{Brehmer:2019xox,
    author = "Brehmer, Johann and Kling, Felix and Espejo, Irina and Cranmer, Kyle",
    archivePrefix = "arXiv",
    doi = "10.1007/s41781-020-0035-2",
    eprint = "1907.10621",
    journal = "Comput. Softw. Big Sci.",
    number = "1",
    pages = "3",
    primaryClass = "hep-ph",
    title = "{MadMiner: Machine learning-based inference for particle physics}",
    volume = "4",
    year = "2020"
}
@article{Andreassen:2019cjw,
    author = "Andreassen, Anders and Komiske, Patrick T. and Metodiev, Eric M. and Nachman, Benjamin and Thaler, Jesse",
    title = "{OmniFold: A Method to Simultaneously Unfold All Observables}",
    eprint = "1911.09107",
    archivePrefix = "arXiv",
    primaryClass = "hep-ph",
    reportNumber = "MIT-CTP 5155",
    doi = "10.1103/PhysRevLett.124.182001",
    journal = "Phys. Rev. Lett.",
    volume = "124",
    number = "18",
    pages = "182001",
    year = "2020"
}
@article{Brehmer:2018hga,
    author = "Brehmer, Johann and Louppe, Gilles and Pavez, Juan and Cranmer, Kyle",
    archivePrefix = "arXiv",
    doi = "10.1073/pnas.1915980117",
    eprint = "1805.12244",
    journal = "Proc. Nat. Acad. Sci.",
    pages = "201915980",
    primaryClass = "stat.ML",
    title = "{Mining gold from implicit models to improve likelihood-free inference}",
    year = "2020"
}
@article{Baldi:2016fzo,
    author = "Baldi, Pierre and Cranmer, Kyle and Faucett, Taylor and Sadowski, Peter and Whiteson, Daniel",
    title = "{Parameterized neural networks for high-energy physics}",
    eprint = "1601.07913",
    archivePrefix = "arXiv",
    primaryClass = "hep-ex",
    doi = "10.1140/epjc/s10052-016-4099-4",
    journal = "Eur. Phys. J. C",
    volume = "76",
    number = "5",
    pages = "235",
    year = "2016"
}
@article{Cranmer:2015bka,
    author = "Cranmer, Kyle and Pavez, Juan and Louppe, Gilles",
    archivePrefix = "arXiv",
    eprint = "1506.02169",
    month = "6",
    primaryClass = "stat.AP",
    title = "{Approximating Likelihood Ratios with Calibrated Discriminative  Classifiers}",
    year = "2015"
}
@inproceedings{Fischer-ACAT2019,
      author         = "Erdmann, M. and Fischer, B. and Noll, D. and Rath, Y. and Rieger, M. and Schmidt, D.",
      title          = "{Adversarial Neural Network-based data-simulation corrections for jet-tagging at CMS}",
      booktitle      = "{Proc. 19th Int. Workshop on Adv. Comp., Anal. Techn. in Phys. Research, ACAT2019}",
      year           = "2019",
      venue          = "{Saas Fee, Switzerland}"
}
	@book{hastie01statisticallearning,
  added-at = {2008-05-16T16:17:42.000+0200},
  address = {New York, NY, USA},
  author = {Hastie, Trevor and Tibshirani, Robert and Friedman, Jerome},
  biburl = {https://www.bibsonomy.org/bibtex/2f58afc5c9793fcc8ad8389824e57984c/sb3000},
  interhash = {d585aea274f2b9b228fc1629bc273644},
  intrahash = {f58afc5c9793fcc8ad8389824e57984c},
  keywords = {ml statistics},
  publisher = {Springer New York Inc.},
  series = {Springer Series in Statistics},
  timestamp = {2008-05-16T16:17:43.000+0200},
  title = {The Elements of Statistical Learning},
  year = 2001
}
@misc{hepmllivingreview,
	Author = "{HEP ML Community}",
	title = "{A Living Review of Machine Learning for Particle Physics}",
	url={https://iml-wg.github.io/HEPML-LivingReview/}
}
@article{Shlomi:2020gdn,
    author = "Shlomi, Jonathan and Battaglia, Peter and Vlimant, Jean-Roch",
    title = "{Graph Neural Networks in Particle Physics}",
    eprint = "2007.13681",
    archivePrefix = "arXiv",
    primaryClass = "hep-ex",
    doi = "10.1088/2632-2153/abbf9a",
    month = "7",
    year = "2020"
}
@article{Dreyer:2018nbf,
    author = "Dreyer, Fr\'ed\'eric A. and Salam, Gavin P. and Soyez, Gr\'egory",
    title = "{The Lund Jet Plane}",
    eprint = "1807.04758",
    archivePrefix = "arXiv",
    primaryClass = "hep-ph",
    reportNumber = "CERN-TH-2018-151",
    doi = "10.1007/JHEP12(2018)064",
    journal = "JHEP",
    volume = "12",
    pages = "064",
    year = "2018"
}
@article{Andersson:1988gp,
    author = "Andersson, Bo and Gustafson, Gosta and Lonnblad, Leif and Pettersson, Ulf",
    title = "{Coherence Effects in Deep Inelastic Scattering}",
    reportNumber = "LU-TP-88-14",
    doi = "10.1007/BF01550942",
    journal = "Z. Phys. C",
    volume = "43",
    pages = "625",
    year = "1989"
}
@article{10.1109/TNN.2008.2005605, author = {Scarselli, Franco and Gori, Marco and Tsoi, Ah Chung and Hagenbuchner, Markus and Monfardini, Gabriele}, title = {The Graph Neural Network Model}, year = {2009}, issue_date = {January 2009}, publisher = {IEEE Press}, volume = {20}, number = {1}, issn = {1045-9227}, url = {https://doi.org/10.1109/TNN.2008.2005605}, doi = {10.1109/TNN.2008.2005605}, abstract = {Many underlying relationships among data in several areas of science and engineering, e.g., computer vision, molecular chemistry, molecular biology, pattern recognition, and data mining, can be represented in terms of graphs. In this paper, we propose a new neural network model, called graph neural network (GNN) model, that extends existing neural network methods for processing the data represented in graph domains. This GNN model, which can directly process most of the practically useful types of graphs, e.g., acyclic, cyclic, directed, and undirected, implements a function τ(G, n) ∈IRm that maps a graph G and one of its nodes n into an m-dimensional Euclidean space. A supervised learning algorithm is derived to estimate the parameters of the proposed GNN model. The computational cost of the proposed algorithm is also considered. Some experimental results are shown to validate the proposed learning algorithm, and to demonstrate its generalization capabilities.}, journal = {Trans. Neur. Netw.}, month = jan, pages = {61–80}, numpages = {20}, keywords = {recursive neural networks, Graphical domains, graphical domains, graph processing, graph neural networks (GNNs)} }
@article{knn2,
    author = "Cover M., Thomas  and Hart, Peter E.",
    title = "{Nearest neighbor pattern classification}",
    journal = "IEEE Transactions on Information Theory",
    year = "1967",
    volume = "13",
    pages = "21"
}
@article{knn1,
    author = "Fix, Evelyn and Hodges Jr., Joseph L.",
    title = "{Discriminatory analysis-nonparametric discrimination: consistency properties}",
    journal = "USAF School of Aviation Medicine, Project Number 21-49-004, Report Number 4",
    year = "1951"
}
@article{Badiali:2020wal,
    author = "Badiali, C. and Di Bello, F.A. and Frattari, G. and Gross, E. and Ippolito, V. and Kado, M. and Shlomi, J.",
    title = "{Efficiency Parameterization with Neural Networks}",
    eprint = "2004.02665",
    archivePrefix = "arXiv",
    primaryClass = "hep-ex",
    month = "4",
    year = "2020"
}
@article{efron1979,
author = "Efron, B.",
doi = "10.1214/aos/1176344552",
fjournal = "Annals of Statistics",
journal = "Ann. Statist.",
month = "01",
number = "1",
pages = "1--26",
publisher = "The Institute of Mathematical Statistics",
title = "Bootstrap Methods: Another Look at the Jackknife",
url = "https://doi.org/10.1214/aos/1176344552",
volume = "7",
year = "1979"
}
@book{sugiyama_suzuki_kanamori_2012, place={Cambridge}, title={Density Ratio Estimation in Machine Learning}, DOI={10.1017/CBO9781139035613}, publisher={Cambridge University Press}, author={Sugiyama, Masashi and Suzuki, Taiji and Kanamori, Takafumi}, year={2012}}

@article{Lai:2020byl,
    author = "Lai, Yue Shi and Neill, Duff and P\l{}osko\'n, Mateusz and Ringer, Felix",
    title = "{Explainable machine learning of the underlying physics of high-energy particle collisions}",
    eprint = "2012.06582",
    archivePrefix = "arXiv",
    primaryClass = "hep-ph",
    month = "12",
    year = "2020"
}

@article{Nachman:2021yvi,
    author = "Nachman, Benjamin and Thaler, Jesse",
    title = "{E Pluribus Unum Ex Machina: Learning from Many Collider Events at Once}",
    eprint = "2101.07263",
    archivePrefix = "arXiv",
    primaryClass = "physics.data-an",
    reportNumber = "MIT-CTP 5271",
    month = "1",
    year = "2021"
}
@article{Aslan:2003vu,
      author         = "Zech, G. and Aslan, B.",
      title          = "{Binning-Free Unfolding Based on Monte Carlo Migration}",
      booktitle      = "{Statistical problems in particle physics, astrophysics
                        and cosmology. Proceedings, Conference, PHYSTAT 2003,
                        Stanford, USA, September 8-11, 2003}",
      journal        = "eConf",
      volume         = "C030908",
      year           = "2003",
      pages          = "TUGT001",
      note           = "[,138(2003)]",
      reportNumber   = "PHYSTAT-2003-TUGT001",
      SLACcitation   = "%%CITATION = ECONF,C030908,TUGT001;%%"
}
@article{Lindemann:1995ut,
    author = "Lindemann, L. and Zech, Gunter",
    doi = "10.1016/0168-9002(94)01067-6",
    journal = "Nucl. Instrum. Meth. A",
    pages = "516--521",
    title = "{Unfolding by weighting Monte Carlo events}",
    volume = "354",
    year = "1995"
}
@article{Datta:2018mwd,
      author         = "Datta, Kaustuv and Kar, Deepak and Roy, Debarati",
      title          = "{Unfolding with Generative Adversarial Networks}",
      year           = "2018",
      eprint         = "1806.00433",
      archivePrefix  = "arXiv",
      primaryClass   = "physics.data-an",
      SLACcitation   = "%%CITATION = ARXIV:1806.00433;%%"
}
@article{Bellagente:2020piv,
    author = {Bellagente, Marco and Butter, Anja and Kasieczka, Gregor and Plehn, Tilman and Rousselot, Armand and Winterhalder, Ramon and Ardizzone, Lynton and K\"othe, Ullrich},
    title = "{Invertible Networks or Partons to Detector and Back Again}",
    eprint = "2006.06685",
    archivePrefix = "arXiv",
    primaryClass = "hep-ph",
    month = "6",
    year = "2020"
}
@article{Bellagente:2019uyp,
    author = "Bellagente, Marco and Butter, Anja and Kasieczka, Gregor and Plehn, Tilman and Winterhalder, Ramon",
    title = "{How to GAN away Detector Effects}",
    eprint = "1912.00477",
    archivePrefix = "arXiv",
    primaryClass = "hep-ph",
    doi = "10.21468/SciPostPhys.8.4.070",
    journal = "SciPost Phys.",
    volume = "8",
    number = "4",
    pages = "070",
    year = "2020"
}
@article{Glazov:2017vni,
    author = "Glazov, Alexander",
    archivePrefix = "arXiv",
    eprint = "1712.01814",
    month = "12",
    primaryClass = "physics.data-an",
    reportNumber = "DESY-17-214",
    title = "{Machine learning as an instrument for data unfolding}",
    year = "2017"
}
@article{Gagunashvili:2010zw,
    author = "Gagunashvili, Nikolai D.",
    archivePrefix = "arXiv",
    eprint = "1004.2006",
    month = "4",
    primaryClass = "physics.data-an",
    title = "{Machine learning approach to inverse problem and unfolding procedure}",
    year = "2010"
}
@article{Hocker:1995kb,
      author         = "Hocker, Andreas and Kartvelishvili, Vakhtang",
      title          = "{SVD approach to data unfolding}",
      journal        = "Nucl. Instrum. Meth.",
      volume         = "A372",
      year           = "1996",
      pages          = "469-481",
      doi            = "10.1016/0168-9002(95)01478-0",
      eprint         = "hep-ph/9509307",
      archivePrefix  = "arXiv",
      primaryClass   = "hep-ph",
      reportNumber   = "M-C-TH-95-15, LAL-95-55",
      SLACcitation   = "%%CITATION = HEP-PH/9509307;%%"
}

@article{DAgostini:1994fjx,
      author         = "D'Agostini, G.",
      title          = "{A Multidimensional unfolding method based on Bayes'
                        theorem}",
      journal        = "Nucl. Instrum. Meth.",
      volume         = "A362",
      year           = "1995",
      pages          = "487-498",
      doi            = "10.1016/0168-9002(95)00274-X",
      reportNumber   = "DESY-94-099",
      SLACcitation   = "%%CITATION = NUIMA,A362,487;%%"
}
@article{Schmitt:2012kp,
      author         = "Schmitt, Stefan",
      title          = "{TUnfold: an algorithm for correcting migration effects
                        in high energy physics}",
      journal        = "JINST",
      volume         = "7",
      year           = "2012",
      pages          = "T10003",
      doi            = "10.1088/1748-0221/7/10/T10003",
      eprint         = "1205.6201",
      archivePrefix  = "arXiv",
      primaryClass   = "physics.data-an",
      reportNumber   = "DESY-12-129",
      SLACcitation   = "%%CITATION = ARXIV:1205.6201;%%"
}

@unpublished{RGANote,
author  = {Avakian, H. and others},
title   = {CLAS12 RG-A - Analysis Note Overview and Procedures},
year    = {2020},
note    = {CLAS12 Note
90-007. \url{???}},
}

@article{Khachatryan:2010gv,
    author = "Khachatryan, Vardan and others",
    collaboration = "CMS",
    title = "{Observation of Long-Range Near-Side Angular Correlations in Proton-Proton Collisions at the LHC}",
    eprint = "1009.4122",
    archivePrefix = "arXiv",
    primaryClass = "hep-ex",
    reportNumber = "CMS-QCD-10-002, CERN-PH-EP-2010-031",
    doi = "10.1007/JHEP09(2010)091",
    journal = "JHEP",
    volume = "09",
    pages = "091",
    year = "2010"
}

@article{CMS:2012qk,
    author = "Chatrchyan, Serguei and others",
    collaboration = "CMS",
    title = "{Observation of Long-Range Near-Side Angular Correlations in Proton-Lead Collisions at the LHC}",
    eprint = "1210.5482",
    archivePrefix = "arXiv",
    primaryClass = "nucl-ex",
    reportNumber = "CMS-HIN-12-005, CERN-PH-EP-2012-320, CMS-HIN-12-015",
    doi = "10.1016/j.physletb.2012.11.025",
    journal = "Phys. Lett. B",
    volume = "718",
    pages = "795--814",
    year = "2013"
}

@article{Khachatryan:2015lva,
    author = "Khachatryan, Vardan and others",
    collaboration = "CMS",
    title = "{Measurement of long-range near-side two-particle angular correlations in pp collisions at $\sqrt s =$13 TeV}",
    eprint = "1510.03068",
    archivePrefix = "arXiv",
    primaryClass = "nucl-ex",
    reportNumber = "CMS-FSQ-15-002, CERN-PH-EP-2015-271",
    doi = "10.1103/PhysRevLett.116.172302",
    journal = "Phys. Rev. Lett.",
    volume = "116",
    number = "17",
    pages = "172302",
    year = "2016"
}

@article{Lee:2019tmr,
    author = "Lee, Yen-Jie and Badea, Anthony and Baty, Austin and McGinn, Christopher and Innocenti, Gian Michele and Thaler, Jesse and Peters, Michael and Sheng, Tzu-An and Chang, Paoti and Maggi, Marcello",
    editor = "Antinori, Federico and Dainese, Andrea and Giubellino, Paolo and Greco, Vincenzo and Lombardo, Maria Paola and Scomparin, Enrico",
    title = "{Measurements of two-particle correlations in $e^+ e^−$ collisions at 91 GeV with ALEPH archived data}",
    doi = "10.1016/j.nuclphysa.2018.09.018",
    journal = "Nucl. Phys. A",
    volume = "982",
    pages = "483--486",
    year = "2019"
}

@article{10.1214/aos/1176344552,
author = {B. Efron},
title = {{Bootstrap Methods: Another Look at the Jackknife}},
volume = {7},
journal = {The Annals of Statistics},
number = {1},
publisher = {Institute of Mathematical Statistics},
pages = {1 -- 26},
keywords = {bootstrap, discriminant analysis, error rate estimation, jackknife, Nonlinear regression, nonparametric variance estimation, Resampling, subsample values},
year = {1979},
doi = {10.1214/aos/1176344552},
URL = {https://doi.org/10.1214/aos/1176344552}
}







@article{doi:10.1146/annurev-nucl-101916-123209,
author = {Nagle, James L. and Zajc, William A.},
title = {Small System Collectivity in Relativistic Hadronic and Nuclear Collisions},
journal = {Annual Review of Nuclear and Particle Science},
volume = {68},
number = {1},
pages = {211-235},
year = {2018},
doi = {10.1146/annurev-nucl-101916-123209},

URL = { 
        https://doi.org/10.1146/annurev-nucl-101916-123209
    
},
eprint = { 
        https://doi.org/10.1146/annurev-nucl-101916-123209
    
}
,
    abstract = { The bulk motion of nuclear matter at the ultrahigh temperatures created in heavy ion collisions at the Relativistic Heavy Ion Collider and the Large Hadron Collider is well described in terms of nearly inviscid hydrodynamics, thereby establishing this system of quarks and gluons as the most perfect fluid in nature. A revolution in the field is under way, spearheaded by the discovery of similar collective, fluid-like phenomena in much smaller systems including p+p, p+A, d+Au, and 3He+Au collisions. We review these exciting new observations and their profound implications for hydrodynamic descriptions of small and/or out-of-equilibrium systems. }
}


